@inproceedings{Auger:2005:a,
	title = {A restart {CMA} evolution strategy with increasing population size},
	author = {Auger, Anne and Hansen, Nikolaus},
	booktitle = {Proc. 2005 IEEE Congress on Evolutionary Computation},
	volume = {2},
	pages = {1769--1776},
	year = {2005},
}

@inproceedings{Beyer:2008:a,
	author = {Beyer, Hans-Georg and Sendhoff, Bernhard},
	title = {Covariance matrix adaptation revisited -- the {CMSA} evolution strategy},
	booktitle = {Proc. 10th Int. Conf. Parallel Problem Solving from Nature},
	year = {2008},
}

@ARTICLE{Gallagher:2006:a, 
	author = {Gallagher, M. and Bo Yuan}, 
	journal = {IEEE Tran. Evolutionary Computation}, 
	title = {A general-purpose tunable landscape generator}, 
	year = {2006},
	volume = {10}, 
	number = {5}, 
	pages = {590--603}, 
}

@book{Mason:2010:a,
	title = {{C}hebyshev polynomials},
	author = {Mason, John C and Handscomb, David C},
	year = {2010},
	publisher = {Chapman and Hall/CRC},
}

@book{Rivlin:1974:a,
	title = {The {C}hebyshev polynomials},
	author = {Rivlin, Theodore J},
	year = {1974},
	publisher = {Wiley}
}

@article{Stanley:2002:a,
	author = {Stanley, Kenneth and Miikkulainen, Risto},
	title = {Evolving neural networks through augmenting topologies},
	journal = {Evolutionary Computation},
	volume = {10},
	number = {2},
	pages = {99--127},
	year = {2002},
	publisher = {MIT Press},
}